<record><leader>00000cas a22000007a 4500</leader><controlfield tag="001">11660140</controlfield><controlfield tag="008">850205d19341936wiuwr ne      0    0eng d</controlfield><datafield ind1=" " ind2=" " tag="010"><subfield code="a">sn 85040136 </subfield></datafield><datafield ind1=" " ind2=" " tag="040"><subfield code="a">NPV</subfield><subfield code="b">eng</subfield><subfield code="c">NPV</subfield><subfield code="d">OCLCQ</subfield></datafield><datafield ind1=" " ind2=" " tag="042"><subfield code="a">msc</subfield></datafield><datafield ind1="0" ind2=" " tag="130"><subfield code="a">New deal (Sheboygan, Wis.)</subfield></datafield><datafield ind1="1" ind2="4" tag="245"><subfield code="a">The new deal.</subfield></datafield><datafield ind1=" " ind2=" " tag="260"><subfield code="a">Sheboygan, Wis. :</subfield><subfield code="b">[s.n.],</subfield><subfield code="c">1934-1936.</subfield></datafield><datafield ind1=" " ind2=" " tag="300"><subfield code="a">2 v. :</subfield><subfield code="b">ill.</subfield></datafield><datafield ind1="0" ind2=" " tag="362"><subfield code="a">Vol. 1, no. 1 (May 25, 1934)-v. 2, no. 52 (May 15, 1936).</subfield></datafield><datafield ind1=" " ind2=" " tag="500"><subfield code="a">"Official publication Sheboygan Central Labor Council."</subfield></datafield><datafield ind1=" " ind2=" " tag="515"><subfield code="a">Preceded by a "sample copy" dated May 4, 1934.</subfield></datafield><datafield ind1=" " ind2=" " tag="752"><subfield code="a">United States</subfield><subfield code="b">Wisconsin</subfield><subfield code="c">Sheboygan</subfield><subfield code="d">Sheboygan.</subfield></datafield><datafield ind1="0" ind2="0" tag="785"><subfield code="t">Sheboygan times (Sheboygan, Wis. : 1936)</subfield><subfield code="w">(DLC)sn 85040137</subfield></datafield></record>